<record><leader>00000cas a22000007a 4500</leader><controlfield tag="001">11948728</controlfield><controlfield tag="008">850422d19681983wiuwr ne      0    0eng d</controlfield><datafield ind1=" " ind2=" " tag="010"><subfield code="a">sn 85040550 </subfield></datafield><datafield ind1=" " ind2=" " tag="040"><subfield code="a">NPV</subfield><subfield code="b">eng</subfield><subfield code="c">NPV</subfield><subfield code="d">OCLCQ</subfield></datafield><datafield ind1=" " ind2=" " tag="042"><subfield code="a">msc</subfield></datafield><datafield ind1=" " ind2=" " tag="045"><subfield code="a">x6x8</subfield></datafield><datafield ind1=" " ind2=" " tag="052"><subfield code="a">4123</subfield><subfield code="b">D3</subfield></datafield><datafield ind1="0" ind2="4" tag="245"><subfield code="a">The Monona community herald.</subfield></datafield><datafield ind1="1" ind2="3" tag="246"><subfield code="a">Community herald</subfield></datafield><datafield ind1=" " ind2=" " tag="260"><subfield code="a">Monona, Wis. :</subfield><subfield code="b">Community Publications,</subfield><subfield code="c">1968-1983.</subfield></datafield><datafield ind1=" " ind2=" " tag="300"><subfield code="a">15 v. :</subfield><subfield code="b">ill.</subfield></datafield><datafield ind1=" " ind2=" " tag="310"><subfield code="a">Weekly</subfield></datafield><datafield ind1="0" ind2=" " tag="362"><subfield code="a">Vol. 1, no. 1 (Aug. 15, 1968)-v. 15, no. 31 (Mar. 2, 1983).</subfield></datafield><datafield ind1=" " ind2=" " tag="500"><subfield code="a">On masthead: "serving Monona Village and Madison's southeast side."</subfield></datafield><datafield ind1=" " ind2=" " tag="500"><subfield code="a">Editor: G.S. Enersen, Aug.-Oct. 1968.--D. Huibregtse, Nov. 1968-Aug. 1971.--P.J. Keefe, Aug. 1971-Sept. 1973.--M. Lock, Sept. 1973-Nov. 1974.--R. Van Epps, Dec. 1974-Jan. 1975.--K. Tobin, Oct. 1975-Aug. 1980.--J. Freitag, Aug. 1980-Mar. 1983.</subfield></datafield><datafield ind1=" " ind2=" " tag="530"><subfield code="a">Available on microfilm from The State Historical Society of Wisconsin.</subfield></datafield><datafield ind1=" " ind2=" " tag="752"><subfield code="a">United States</subfield><subfield code="b">Wisconsin</subfield><subfield code="c">Dane</subfield><subfield code="d">Monona.</subfield></datafield><datafield ind1=" " ind2=" " tag="752"><subfield code="a">United States</subfield><subfield code="b">Wisconsin</subfield><subfield code="c">Dane</subfield><subfield code="d">Madison.</subfield></datafield><datafield ind1="0" ind2="0" tag="785"><subfield code="t">Community herald (Monona, Wis.)</subfield><subfield code="w">(DLC)sn 83007222</subfield></datafield><datafield ind1="1" ind2=" " tag="029"><subfield code="a">AU@</subfield><subfield code="b">000025802410</subfield></datafield></record>